<?xml version="1.0" encoding="UTF-8"?><collection xmlns="http://www.loc.gov/MARC21/slim"><record><leader>00319nam--2200121-i-4500</leader><controlfield tag="001">000018815</controlfield><controlfield tag="002">20161230</controlfield><controlfield tag="005">20161230201032</controlfield><controlfield tag="008">060222s1000------------r-----000-0-eng-d</controlfield><datafield ind1=" " ind2=" " tag="100"><subfield code="a">Fondi, Iancu Si Singeorzan, Corvin</subfield></datafield><datafield ind1=" " ind2=" " tag="245"><subfield code="a">Imponderabilitatea</subfield></datafield><datafield ind1=" " ind2=" " tag="260"><subfield code="a">Bucuresti, Editura Stiintifica, 1965.   114 P</subfield></datafield><datafield ind1=" " ind2=" " tag="852"><subfield code="a">22146</subfield></datafield></record></collection>